@article{suzuki2016cfrp,
  title={CFRP: A Functional Reactive Programming Language for Small-Scale Embedded Systems},
  author={Suzuki, Kohei and Nagayama, Kanato and Sawada, Kensuke and Watanabe, Takuo},
  journal={CFRP: A Functional Reactive Programming Language for Small-Scale Embedded Systems},
  year={2016}
}
@inproceedings{sant2015structured,
  title={Structured synchronous reactive programming with C{\'e}u},
  author={Sant'Anna, Francisco and Ierusalimschy, Roberto and Rodriguez, Noemi},
  booktitle={Proceedings of the 14th International Conference on Modularity},
  pages={29--40},
  year={2015},
  organization={ACM}
}
@inproceedings{sawada2016emfrp,
  title={Emfrp: a functional reactive programming language for small-scale embedded systems},
  author={Sawada, Kensuke and Watanabe, Takuo},
  booktitle={Companion Proceedings of the 15th International Conference on Modularity},
  pages={36--44},
  year={2016},
  organization={ACM}
}
@inproceedings{caspi1987lustre,
  title={LUSTRE: a declarative language for real-time programming},
  author={Caspi, Paul and Pilaud, Daniel and Halbwachs, Nicolas and Plaice, John A},
  booktitle={Proceedings of the 14th ACM SIGACT-SIGPLAN symposium on Principles of programming languages},
  pages={178--188},
  year={1987},
  organization={ACM}
}
@article{boussinot1991esterel,
  title={The ESTEREL language},
  author={Boussinot, Fr{\'e}d{\'e}ric and De Simone, Robert},
  journal={Proceedings of the IEEE},
  volume={79},
  number={9},
  pages={1293--1304},
  year={1991},
  publisher={IEEE}
}
@inproceedings{helbling2016juniper,
  title={Juniper: a functional reactive programming language for the Arduino},
  author={Helbling, Caleb and Guyer, Samuel Z},
  booktitle={Proceedings of the 4th International Workshop on Functional Art, Music, Modelling, and Design},
  pages={8--16},
  year={2016},
  organization={ACM}
}
@article{czaplicki2012elm,
  title={Elm: Concurrent FRP for Functional GUIs},
  author={Czaplicki, Evan},
  journal={Senior thesis, Harvard University},
  year={2012}
}
@inproceedings{czaplicki2013asynchronous,
  title={Asynchronous functional reactive programming for GUIs},
  author={Czaplicki, Evan and Chong, Stephen},
  booktitle={ACM SIGPLAN Notices},
  volume={48},
  number={6},
  pages={411--422},
  year={2013},
  organization={ACM}
}
@article{leguernic1991programming,
  title={Programming real-time applications with SIGNAL},
  author={LeGuernic, Paul and Gautier, Thierry and Le Borgne, Michel and Le Maire, Claude},
  journal={Proceedings of the IEEE},
  volume={79},
  number={9},
  pages={1321--1336},
  year={1991},
  publisher={IEEE}
}
@incollection{hudak2003arrows,
  title={Arrows, robots, and functional reactive programming},
  author={Hudak, Paul and Courtney, Antony and Nilsson, Henrik and Peterson, John},
  booktitle={Advanced Functional Programming},
  pages={159--187},
  year={2003},
  publisher={Springer}
}
@misc{simulinkwebsite,
  title = {Simulink Website},
  howpublished = {\url{https://www.mathworks.com/products/simulink.html}},
  note = {Accessed 2017-01-09}
}
@misc{rxwebsite,
  title = {ReactiveX Website},
  howpublished = {\url{http://reactivex.io/}},
  note = {Accessed 2017-01-09}
}
@misc{rxcppwebsite,
  title = {RxCpp Github repository},
  howpublished = {\url{https://github.com/Reactive-Extensions/RxCpp}},
  note = {Accessed 2017-01-09}
}
